@misc{histmuseam,
  title = "\textit{Lectures: Charles W. (Charlie) Bachman}",
  author = "Computer History Museum. Archieved from the original on June 4 2004. Retrieved September 3 2013",
  url = "https://web.archive.org/web/20040604164338/http://www.computerhistory.org/events/lectures/bachman_04162002/bachman.shtml"
}

@misc{ebritannica,
  title = "\textit{Charles Bachman}",
  author = "Encylopaedia Britannica",
  url = "https://www.britannica.com/biography/Charles-William-Bachman"
}

@misc{wiki,
  title = "\textit{Charles Bachman}",
  author = "Wikipedia",
  url = "https://en.wikipedia.org/wiki/Charles_Bachman#cite_ref-CHM04_2-0"
}

@misc{interview,
  author = "Interview No.2, ISBN: 978-1-4503-1771-9, Interviewd by Thomas Haigh, Proceeing ACM Oral History Interviews",
  url = "https://dl.acm.org/citation.cfm?id=1141882"
}

@misc{ids,
  title = "\textit{Integrated Data Store}",
  author = "Wikipedia",
  url = "https://en.wikipedia.org/wiki/Integrated_Data_Store"
}

@misc{award,
  title = "\textit{Charles William Bachman}",
  author = "A.M. Turing Award",
  url = "https://amturing.acm.org/award_winners/bachman_9385610.cfm"
  }
  
@misc{dig,
  title = "\textit{Data Structure Diagram}",
  author = "Wikipedia",
  url = "https://en.wikipedia.org/wiki/Data_structure_diagram#Bachman_diagram"
  }