@misc{R01,
    author = "ACM(2007)",
    title = "Computing Degrees and Careers",
    url = "http://computingcareers.acm.org/?page_id=12" 
    }
    
@misc{R02,
    author = "University of Minnesota Duluth",
    title = "Principle of Software Engineering",
    url = "https://www.d.umn.edu/~gshute/softeng/principles.html"
}

@misc{R03,
    author = "Cornelius T.(2002), Leondes",
    title = "Intelligent Systems: Techonology and Applications, 1.4 Computers and a First Glimpse at Al (1940s), CRC Press. p. I-6. ISBN 978-0-8493-1121-5."
}

@misc{R04,
    author = "Wikipedia",
    title = "Software Engineering",
    url = "https://en.wikipedia.org/wiki/Software_engineering"
}

@misc{R05,
    author = "RISKS Forum Digest",
    title = "The Risks Digest",
    url = "http://catless.ncl.ac.uk/Risks/"
}

@misc{R06,
    author = "Michael Jackson",
    title = "Engineering and Software Engineering"
    }
    
@misc{R07,
    author = "Frederick P. Brooks Jr.",
    title = "No Silver Bullet - Essence and Accient in Software Engineering",
    url = "https://www.cgl.ucsf.edu/Outreach/pc204/NoSilverBullet.html"}
    
@misc{R08,
    author = "Olena Herasymchuk",
    title = "A Guide to the Top Software Development Metrics That Will Take Your Business to the Next Level",
    url = "https://www.daxx.com/blog/development-trends/top-software-development-metrics"}
    
@misc{D01,
    author = "Jasper can der Hoek",
    title = "Pursuing a Full Agile Software Development Life Cycle",
    url = "https://www.mendix.com/blog/pursuing-a-full-agile-software-lifecycle/"}

@misc{D02,
    author = "Lucidchart Content Team",
    title = "What the Waterfall Project Management Methodology Can (and Can't) Do to You",
    url = "https://www.lucidchart.com/blog/waterfall-project-management-methodology"}
    
@misc{D03,
    author = "Wikipedia",
    title = "Spiral Model",
    url = "https://en.wikipedia.org/wiki/Spiral_model"}
    
@misc{R09,
    author = "Free On-line Dictionary of Computing",
    title = "platform",
    url = "http://foldoc.org/platform"}
    
@misc{R10,
    author = "SAS",
    title = "Machine Learning",
    url = "https://www.sas.com/en_ie/insights/analytics/machine-learning.html"}
    
@misc{R11,
    author = "Tom Mitchell",
    title = "Machine Learning",
    url = "http://profsite.um.ac.ir/~monsefi/machine-learning/pdf/Machine-Learning-Tom-Mitchell.pdf"}
    
@misc{R12,
    author = "Geeks for Geeks",
    title = "What is Reinforcement Learning",
    url = "https://www.geeksforgeeks.org/what-is-reinforcement-learning/"}
    
@misc{R13,
    author = "Research Gate",
    title = "Examples of Ethical Issues in Software Engineering",
    url = "https://www.researchgate.net/figure/Examples-of-ethics-issues-in-software-engineering_tbl1_326045987"}
    
@misc{R14,
    author = "Wikipedia",
    title = "General Data Protection Regulation",
    url = "https://en.wikipedia.org/wiki/General_Data_Protection_Regulation"}